@misc{icao_airport,
	author = {{O}pen{F}light},
	title  = {{O}pen{F}light database},
	howpublished = "\\ \url{http://openflights.org/data.html/}",
	year = {2013},
	note = "\spar [Online, accessed 10 jan 2013]"
}

@misc{faa_airport,
	author = {{W}ikipedia},
	title = {{L}ocation {I}dentifier},
	howpublished = "\\ \url{http://en.wikipedia.org/wiki/Location_identifier#FAA_identifier}",
	year = {2013},
	note = "\spar [Online, accessed 10 jan 2013]"
}

@misc{iata_airport,
	author = {{W}ikipedia},
	title = {{I}nternational {A}ir {T}ransport {A}ssociation airport code},
	howpublished = "\\ \url{http://en.wikipedia.org/wiki/International_Air_Transport_Association_airport_code}",
	year = {2013},
	note = "\spar [Online, accessed 10 jan 2013]"
}

@misc{iso_country,
	author = {{I}nternational {S}tandards {O}rganization},
	title = {{ISO} 3166-1 decoding table},
	howpublished = "\\ \url{http://www.iso.org/iso/iso-3166-1_decoding_table.html}",
	year = {2012},
	note = "\spar [Online, accessed 10 jan 2013]"
}

@misc{sequelize,
	author = {{D}epold, {S}ascha},
	title = {{S}equelize.js},
	howpublished = "\\ \url{http://www.sequelizejs.com/}",
	year = {2013},
	note = "\spar [Online, accessed 10 jan 2013]"
}